@article{lafferty2001conditional,
  title={Conditional random fields: Probabilistic models for segmenting and labeling sequence data},
    author={Lafferty, John and McCallum, Andrew and Pereira, Fernando CN},
      year={2001}
}
@inproceedings{hermann2015teaching,
  title={Teaching machines to read and comprehend},
  author={Hermann, Karl Moritz and Kocisky, Tomas and Grefenstette, Edward and Espeholt, Lasse and Kay, Will and Suleyman, Mustafa and Blunsom, Phil},
  booktitle={Advances in Neural Information Processing Systems},
  pages={1693--1701},
  year={2015}
}
@article{chen2016thorough,
  title={A thorough examination of the cnn/daily mail reading comprehension task},
  author={Chen, Danqi and Bolton, Jason and Manning, Christopher D},
  journal={arXiv preprint arXiv:1606.02858},
  year={2016}
}
@article{kadlec2016text,
  title={Text Understanding with the Attention Sum Reader Network},
  author={Kadlec, Rudolf and Schmid, Martin and Bajgar, Ondrej and Kleindienst, Jan},
  journal={arXiv preprint arXiv:1603.01547},
  year={2016}
}
@article{rajpurkar2016squad,
  title={Squad: 100,000+ questions for machine comprehension of text},
  author={Rajpurkar, Pranav and Zhang, Jian and Lopyrev, Konstantin and Liang, Percy},
  journal={arXiv preprint arXiv:1606.05250},
  year={2016}
}